<?xml version="1.0" encoding="utf-8"?>
<collection xmlns="http://www.loc.gov/MARC21/slim">
<record><leader>00663ncm a2200229Ia 4500</leader><controlfield tag="001">ocm20612671</controlfield><controlfield tag="005">20090604115400.0</controlfield><controlfield tag="008">891108s1989    mnupp    i     n    eng d</controlfield><datafield ind1=" " ind2=" " tag="020"><subfield code="z">HL00361126 :</subfield><subfield code="c">$14.95</subfield></datafield><datafield ind1=" " ind2=" " tag="040"><subfield code="a">TUL</subfield><subfield code="c">TUL</subfield><subfield code="d">UtOrBLW</subfield></datafield><datafield ind1=" " ind2=" " tag="049"><subfield code="a">MRQA</subfield></datafield><datafield ind1=" " ind2=" " tag="092"><subfield code="a">782.421630264</subfield><subfield code="b">S6986 1989</subfield></datafield><datafield ind1="0" ind2="0" tag="245"><subfield code="a">Songs of the 60's :</subfield><subfield code="b">piano, vocal, guitar.</subfield></datafield><datafield ind1=" " ind2=" " tag="260"><subfield code="a">Winona, MN :</subfield><subfield code="b">H. Leonard,</subfield><subfield code="c">c1989.</subfield></datafield><datafield ind1=" " ind2=" " tag="300"><subfield code="a">1 score (175 p.) :</subfield><subfield code="b">ill. ;</subfield><subfield code="c">31 cm.</subfield></datafield><datafield ind1=" " ind2="4" tag="440"><subfield code="a">Decade series</subfield></datafield><datafield ind1=" " ind2=" " tag="500"><subfield code="a">With a preface by Stanley Green.</subfield></datafield><datafield ind1=" " ind2="0" tag="650"><subfield code="a">Popular music</subfield><subfield code="y">1961-1970</subfield></datafield><datafield ind1="0" ind2=" " tag="740"><subfield code="a">Songs of the sixties.</subfield></datafield><datafield ind1=" " ind2=" " tag="830"><subfield code="a">DE (Series)</subfield></datafield><datafield ind1="0" ind2="0" tag="913"><subfield code="a">*SOT60S99000</subfield></datafield></record>