
<record><leader>00631nam a2200217Ii 4500</leader><controlfield tag="001">ocm05702874</controlfield><controlfield tag="005">20080722155500.0</controlfield><controlfield tag="008">791116s1978    wiua   j      000 1 eng d</controlfield><datafield ind1=" " ind2=" " tag="020"><subfield code="z">089542262X295</subfield></datafield><datafield ind1=" " ind2=" " tag="040"><subfield code="a">LSM</subfield><subfield code="c">LSM</subfield><subfield code="d">m.c.</subfield><subfield code="d">UtOrBLW</subfield></datafield><datafield ind1=" " ind2=" " tag="049"><subfield code="a">MRQA</subfield></datafield><datafield ind1=" " ind2=" " tag="092"><subfield code="a">Fic</subfield><subfield code="b">Dic</subfield></datafield><datafield ind1=" " ind2=" " tag="099"><subfield code="a">J</subfield></datafield><datafield ind1="1" ind2=" " tag="100"><subfield code="a">Dickens, Charles,</subfield><subfield code="d">1812-1870</subfield></datafield><datafield ind1="1" ind2="2" tag="245"><subfield code="a">A Christmas carol /</subfield><subfield code="c">by Charles Dickens.</subfield></datafield><datafield ind1=" " ind2=" " tag="260"><subfield code="a">Milwaukee, Wis. :</subfield><subfield code="b">Ideals Pub. Corp.,</subfield><subfield code="c">c1978.</subfield></datafield><datafield ind1=" " ind2=" " tag="300"><subfield code="a">[46] p. :</subfield><subfield code="b">ill. (part col.) ;</subfield><subfield code="c">28 cm.</subfield></datafield><datafield ind1=" " ind2=" " tag="500"><subfield code="a">On cover: Dickens' Christmas carol.</subfield></datafield><datafield ind1="0" ind2=" " tag="740"><subfield code="a">Dickens' Christmas carol.</subfield></datafield><datafield ind1="0" ind2="0" tag="913"><subfield code="a">DICCCAR15000</subfield></datafield></record>