
<record><leader>00882cam a2200277Ma 4500</leader><controlfield tag="001">ocm25104511</controlfield><controlfield tag="005">20090602130300.0</controlfield><controlfield tag="008">830627t19751972onca          000 1 eng d</controlfield><datafield ind1=" " ind2=" " tag="020"><subfield code="z">0553101315175</subfield></datafield><datafield ind1=" " ind2=" " tag="020"><subfield code="a">0553204300</subfield></datafield><datafield ind1=" " ind2=" " tag="020"><subfield code="a">0553268473 (pbk.) :</subfield><subfield code="c">$6.99</subfield></datafield><datafield ind1=" " ind2=" " tag="040"><subfield code="a">TEU</subfield><subfield code="c">TEU</subfield><subfield code="d">MRQ</subfield><subfield code="d">UtOrBLW</subfield></datafield><datafield ind1=" " ind2=" " tag="049"><subfield code="a">MRQA</subfield></datafield><datafield ind1=" " ind2=" " tag="099"><subfield code="a">J</subfield></datafield><datafield ind1="1" ind2=" " tag="100"><subfield code="a">Le Guin, Ursula K.,</subfield><subfield code="d">1929-</subfield></datafield><datafield ind1="1" ind2="4" tag="245"><subfield code="a">The farthest shore /</subfield><subfield code="c">Ursula K. Le Guin ; illustrated by Gail Garraty.</subfield></datafield><datafield ind1=" " ind2=" " tag="250"><subfield code="a">Bantam ed.</subfield></datafield><datafield ind1=" " ind2=" " tag="260"><subfield code="a">Toronto [Ont.] ;</subfield><subfield code="a">New York, N.Y. :</subfield><subfield code="b">Bantam Books,</subfield><subfield code="c">1975, c1972.</subfield></datafield><datafield ind1=" " ind2=" " tag="300"><subfield code="a">197 p. :</subfield><subfield code="b">ill. ;</subfield><subfield code="c">18 cm.</subfield></datafield><datafield ind1=" " ind2="0" tag="440"><subfield code="a">Earthsea trilogy ; Bk. 3.</subfield></datafield><datafield ind1="0" ind2=" " tag="490"><subfield code="a">A Bantam book.</subfield><subfield code="v">10131-5</subfield></datafield><datafield ind1=" " ind2=" " tag="500"><subfield code="a">This is the third of the author's Earthsea trilogy.</subfield></datafield><datafield ind1=" " ind2=" " tag="830"><subfield code="a">Earthsea trilogy ; Bk. 3.</subfield></datafield><datafield ind1=" " ind2=" " tag="830"><subfield code="a">Bantam book</subfield><subfield code="v">10131-5 ;</subfield><subfield code="v">10131-5.</subfield></datafield><datafield ind1="0" ind2="0" tag="913"><subfield code="a">LE*FSHO97000</subfield></datafield></record>