
<record><leader>00624nam a22002050  4500</leader><controlfield tag="001">mrq00398759</controlfield><controlfield tag="003">MAnMC</controlfield><controlfield tag="005">20090602092700.0</controlfield><controlfield tag="008">880222s1947    nyu   a           0 eng d</controlfield><datafield ind1=" " ind2=" " tag="020"><subfield code="z">4980858214bbd :</subfield><subfield code="c">$9.00</subfield></datafield><datafield ind1=" " ind2=" " tag="040"><subfield code="a">MVLC</subfield><subfield code="b">eng</subfield><subfield code="d">UtOrBLW</subfield></datafield><datafield ind1=" " ind2=" " tag="081"><subfield code="a">CTL0210694</subfield></datafield><datafield ind1="1" ind2=" " tag="100"><subfield code="a">Mason, Bernard Sterling,</subfield><subfield code="d">1896-1953</subfield></datafield><datafield ind1="1" ind2="0" tag="245"><subfield code="a">Cabins, cottages and summer homes /</subfield><subfield code="c">by Bernard S. Mason and Frederick H. Kock.</subfield></datafield><datafield ind1=" " ind2=" " tag="260"><subfield code="a">New York :</subfield><subfield code="b">A.S. Barnes,</subfield><subfield code="c">[1947]</subfield></datafield><datafield ind1=" " ind2=" " tag="300"><subfield code="a">168p. :</subfield><subfield code="b">ill., plans ;</subfield><subfield code="c">29 cm.</subfield></datafield><datafield ind1=" " ind2="0" tag="650"><subfield code="a">Log cabins</subfield></datafield><datafield ind1=" " ind2="0" tag="650"><subfield code="a">Cottages</subfield></datafield><datafield ind1="1" ind2=" " tag="700"><subfield code="a">Kock, Frederic H.,</subfield><subfield code="d">1902-</subfield></datafield><datafield ind1="0" ind2="0" tag="913"><subfield code="a">MASCCAS99000</subfield></datafield></record>