
<record><leader>00684nam a22002410i 4500</leader><controlfield tag="001">mrq00459563</controlfield><controlfield tag="003">MAnMC</controlfield><controlfield tag="005">20090604115300.0</controlfield><controlfield tag="008">840313r19791958nyu   a           f eng c</controlfield><datafield ind1=" " ind2=" " tag="020"><subfield code="z">0440487331pbk.</subfield></datafield><datafield ind1=" " ind2=" " tag="040"><subfield code="a">MVLC</subfield><subfield code="b">eng</subfield><subfield code="d">UtOrBLW</subfield></datafield><datafield ind1="0" ind2="4" tag="050"><subfield code="a">PZ7.P3145</subfield><subfield code="b">To2</subfield></datafield><datafield ind1=" " ind2=" " tag="081"><subfield code="a">CTL0242335</subfield></datafield><datafield ind1=" " ind2=" " tag="099"><subfield code="a">J</subfield></datafield><datafield ind1="1" ind2=" " tag="100"><subfield code="a">Pearce, Philippa</subfield></datafield><datafield ind1="1" ind2="0" tag="245"><subfield code="a">Tom's midnight garden /</subfield><subfield code="c">by A. Philippa Pearce ; illustrated by Susan Linzig. --.</subfield></datafield><datafield ind1=" " ind2=" " tag="260"><subfield code="a">New York :</subfield><subfield code="b">Dell Publishing,</subfield><subfield code="c">1979.</subfield></datafield><datafield ind1=" " ind2=" " tag="300"><subfield code="a">229 p. :</subfield><subfield code="b">ill. --</subfield></datafield><datafield ind1="0" ind2=" " tag="490"><subfield code="a">A Yearling Book</subfield></datafield><datafield ind1=" " ind2=" " tag="500"><subfield code="a">Reprint of 1958 edition.</subfield></datafield><datafield ind1="1" ind2=" " tag="700"><subfield code="a">Linzig, Susan,</subfield><subfield code="e">ill.</subfield></datafield><datafield ind1=" " ind2=" " tag="830"><subfield code="a">Yearling book</subfield></datafield><datafield ind1="0" ind2="0" tag="913"><subfield code="a">PEATMGA98000</subfield></datafield></record>