
<record><leader>00926nam a2200265Ka 4500</leader><controlfield tag="001">ocm51762602</controlfield><controlfield tag="003">OCoLC</controlfield><controlfield tag="005">20080729125900.0</controlfield><controlfield tag="008">030228s2003    vau           000 0 eng d</controlfield><datafield ind1=" " ind2=" " tag="020"><subfield code="z">JL03022802 set :</subfield></datafield><datafield ind1=" " ind2=" " tag="020"><subfield code="c">$800.00</subfield></datafield><datafield ind1=" " ind2=" " tag="040"><subfield code="a">IJV</subfield><subfield code="c">IJV</subfield><subfield code="d">MRQ</subfield><subfield code="d">UtOrBLW</subfield></datafield><datafield ind1=" " ind2=" " tag="049"><subfield code="a">MRQA</subfield></datafield><datafield ind1=" " ind2=" " tag="092"><subfield code="a">R 332.67</subfield><subfield code="b">S785</subfield></datafield><datafield ind1="0" ind2="0" tag="245"><subfield code="a">Standard &amp; Poor's register of corporations, directors and executives, 2003.</subfield><subfield code="n">v. 2.</subfield></datafield><datafield ind1=" " ind2=" " tag="260"><subfield code="a">New York, N.Y. :</subfield><subfield code="b">Standard &amp; Poor's Corp.,</subfield><subfield code="c">c2003.</subfield></datafield><datafield ind1=" " ind2=" " tag="300"><subfield code="a">3 v. ;</subfield><subfield code="c">29 cm.</subfield></datafield><datafield ind1="0" ind2=" " tag="505"><subfield code="a">v. 2. Directors and Executives.</subfield></datafield><datafield ind1=" " ind2="0" tag="650"><subfield code="a">Directors of corporations</subfield><subfield code="z">United States</subfield><subfield code="v">Directories.</subfield></datafield><datafield ind1=" " ind2="0" tag="650"><subfield code="a">Corporations</subfield><subfield code="z">United States</subfield><subfield code="v">Directories</subfield></datafield><datafield ind1=" " ind2="0" tag="650"><subfield code="a">Executives</subfield><subfield code="z">United States</subfield><subfield code="v">Directories</subfield></datafield><datafield ind1="2" ind2=" " tag="710"><subfield code="a">Standard and Poor's Corporation</subfield></datafield><datafield ind1="1" ind2="0" tag="780"><subfield code="b">[2003 ed.]</subfield><subfield code="t">Standard &amp; Poor's register of corporations, directors and executives, 2003.</subfield></datafield><datafield ind1=" " ind2=" " tag="994"><subfield code="a">X0</subfield><subfield code="b">MRQ</subfield></datafield></record>