
<record><leader>01199pam a2200373 a 4500</leader><controlfield tag="001">ocm69733027</controlfield><controlfield tag="003">OCoLC</controlfield><controlfield tag="005">20070917154400.0</controlfield><controlfield tag="008">060403s2006    enka          001 0 eng  </controlfield><datafield ind1=" " ind2=" " tag="015"><subfield code="a">GBA651402</subfield><subfield code="2">bnb</subfield></datafield><datafield ind1="7" ind2=" " tag="016"><subfield code="a">013480703</subfield><subfield code="2">Uk</subfield></datafield><datafield ind1=" " ind2=" " tag="020"><subfield code="z">978184533213X (hbk.)</subfield></datafield><datafield ind1=" " ind2=" " tag="020"><subfield code="a">184533213X (hbk.)</subfield></datafield><datafield ind1=" " ind2=" " tag="020"><subfield code="a">9781845332136 (hbk.)</subfield></datafield><datafield ind1=" " ind2=" " tag="035"><subfield code="a">(OCoLC)69733027</subfield></datafield><datafield ind1=" " ind2=" " tag="040"><subfield code="a">UKM</subfield><subfield code="c">UKM</subfield><subfield code="d">BAKER</subfield><subfield code="d">CPL</subfield><subfield code="d">VP@</subfield><subfield code="d">QBX</subfield><subfield code="d">BTCTA</subfield><subfield code="d">NZFEP</subfield><subfield code="d">MRQ</subfield></datafield><datafield ind1=" " ind2=" " tag="042"><subfield code="a">ukscp</subfield></datafield><datafield ind1=" " ind2=" " tag="049"><subfield code="a">MRQA</subfield></datafield><datafield ind1=" " ind2="4" tag="050"><subfield code="a">NK4660</subfield><subfield code="b">.M55 2006</subfield></datafield><datafield ind1="0" ind2="4" tag="082"><subfield code="a">738.8/2/075</subfield><subfield code="2">22</subfield></datafield><datafield ind1="0" ind2="4" tag="082"><subfield code="a">738.075</subfield><subfield code="2">22</subfield></datafield><datafield ind1="0" ind2="0" tag="245"><subfield code="a">Miller's ceramic figures.</subfield></datafield><datafield ind1="3" ind2=" " tag="246"><subfield code="a">Ceramic figures</subfield></datafield><datafield ind1=" " ind2=" " tag="260"><subfield code="a">London :</subfield><subfield code="b">Miller's,</subfield><subfield code="c">2006.</subfield></datafield><datafield ind1=" " ind2=" " tag="300"><subfield code="a">288 p. :</subfield><subfield code="b">ill. (some col.) ;</subfield><subfield code="c">24 cm.</subfield></datafield><datafield ind1=" " ind2=" " tag="500"><subfield code="a">Previous ed.: Tenterden: Millers, 2000.</subfield></datafield><datafield ind1=" " ind2=" " tag="504"><subfield code="a">Includes bibliographical references (p. 284) and indexes.</subfield></datafield><datafield ind1=" " ind2="0" tag="650"><subfield code="a">Porcelain figures</subfield><subfield code="x">Prices.</subfield></datafield><datafield ind1=" " ind2="0" tag="650"><subfield code="a">Porcelain figures</subfield><subfield code="x">Collectors and collecting.</subfield></datafield><datafield ind1=" " ind2=" " tag="938"><subfield code="a">Baker &amp; Taylor</subfield><subfield code="b">BKTY</subfield><subfield code="c">24.95</subfield><subfield code="d">18.71</subfield><subfield code="i">184533213X</subfield><subfield code="n">0006763197</subfield><subfield code="s">active</subfield></datafield><datafield ind1=" " ind2=" " tag="938"><subfield code="a">Quality Books, Inc.</subfield><subfield code="b">QUAL</subfield><subfield code="n">qbi07800321</subfield></datafield><datafield ind1=" " ind2=" " tag="938"><subfield code="a">Baker and Taylor</subfield><subfield code="b">BTCP</subfield><subfield code="n">BK0006763197</subfield></datafield><datafield ind1=" " ind2=" " tag="994"><subfield code="a">C0</subfield><subfield code="b">MRQ</subfield></datafield></record>