
<record><leader>00474nam a2200169 a 4500</leader><controlfield tag="001">mrq01096224</controlfield><controlfield tag="003">MAnMC</controlfield><controlfield tag="005">20080804205500.0</controlfield><controlfield tag="008">071109s2005    nyu           000 1 eng d</controlfield><datafield ind1=" " ind2=" " tag="020"><subfield code="z">(0373197527pbk.) :</subfield><subfield code="c">$4.25</subfield></datafield><datafield ind1=" " ind2=" " tag="040"><subfield code="d">UtOrBLW</subfield></datafield><datafield ind1="1" ind2=" " tag="100"><subfield code="a">Russell, Rebecca</subfield></datafield><datafield ind1="1" ind2="4" tag="245"><subfield code="a">The substitute fiancee /</subfield><subfield code="c">Rebecca Russell.</subfield></datafield><datafield ind1=" " ind2=" " tag="260"><subfield code="a">New York :</subfield><subfield code="b">Silhouette,</subfield><subfield code="c">2005.</subfield></datafield><datafield ind1=" " ind2=" " tag="300"><subfield code="a">186 p. ;</subfield><subfield code="c">18 cm.</subfield></datafield><datafield ind1=" " ind2="0" tag="440"><subfield code="a">Silhouette romance</subfield><subfield code="v">1752</subfield></datafield><datafield ind1=" " ind2="0" tag="830"><subfield code="a">Silhouette romance</subfield><subfield code="v">1752.</subfield></datafield></record>