
<record><leader>01474cgm a2200433Ka 4500</leader><controlfield tag="001">ocn214285386</controlfield><controlfield tag="003">OCoLC</controlfield><controlfield tag="005">20100628155400.0</controlfield><controlfield tag="007">vd cvaizq</controlfield><controlfield tag="008">080327s2007    cc ---            vlchi d</controlfield><datafield ind1=" " ind2=" " tag="020"><subfield code="z">978788430094X</subfield></datafield><datafield ind1="0" ind2=" " tag="024"><subfield code="a">CNE220704980</subfield></datafield><datafield ind1=" " ind2=" " tag="035"><subfield code="a">(OCoLC)214285386</subfield></datafield><datafield ind1=" " ind2=" " tag="040"><subfield code="a">MBT</subfield><subfield code="c">MBT</subfield><subfield code="d">MRQ</subfield></datafield><datafield ind1=" " ind2=" " tag="049"><subfield code="a">MRQA</subfield></datafield><datafield ind1=" " ind2=" " tag="066"><subfield code="c">$1</subfield></datafield><datafield ind1="0" ind2="0" tag="245"><subfield code="a">Chuang guan dong.</subfield><subfield code="n">Disc 1-3, Episode 1-9 /</subfield><subfield code="h">[videorecording]</subfield><subfield code="c">Zhongyang dian shi tai wen yi zhong xin ying shi bu, Shangdong dian ying dian shi ju zhi zuo zhong xin, Dalian dian shi tai lian he she zhi ; bian ju: Gao Mantang, Sun Jianye ; dao yan: Kong Sheng, Wang Bing ; zong dao yan: Zhang Xinjian.</subfield></datafield><datafield ind1=" " ind2=" " tag="260"><subfield code="a">Jinan :</subfield><subfield code="b">Qi lu dian zi yin xiang chu ban she,</subfield><subfield code="c">2007.</subfield></datafield><datafield ind1=" " ind2=" " tag="300"><subfield code="a">3 videodiscs :</subfield><subfield code="b">sd., col. ;</subfield><subfield code="c">4 3/4 in.</subfield></datafield><datafield ind1=" " ind2=" " tag="500"><subfield code="a">Chang pian (52 ji) dian shi lian xu ju.</subfield></datafield><datafield ind1="1" ind2=" " tag="511"><subfield code="a">Li Youbin, Sa Rina, Song Jia, Niu Li, Ma Enran, Wang Quirong.</subfield></datafield><datafield ind1=" " ind2=" " tag="520"><subfield code="a">Summary in vernacular field only.</subfield></datafield><datafield ind1=" " ind2=" " tag="538"><subfield code="a">DVD.</subfield></datafield><datafield ind1=" " ind2=" " tag="546"><subfield code="a">In Mandarin with Chinese subtitles.</subfield></datafield><datafield ind1=" " ind2="0" tag="651"><subfield code="a">China</subfield><subfield code="x">Rural conditions</subfield><subfield code="v">Drama.</subfield></datafield><datafield ind1=" " ind2="0" tag="655"><subfield code="a">Television programs</subfield></datafield><datafield ind1="1" ind2=" " tag="700"><subfield code="a">Gao, Mantang</subfield></datafield><datafield ind1="1" ind2=" " tag="700"><subfield code="a">Sun, Jianye</subfield></datafield><datafield ind1="1" ind2=" " tag="700"><subfield code="a">Kong, Sheng.</subfield></datafield><datafield ind1="1" ind2=" " tag="700"><subfield code="a">Wang, Bing</subfield></datafield><datafield ind1="1" ind2=" " tag="700"><subfield code="a">Zhang, Xinjian.</subfield></datafield><datafield ind1="1" ind2=" " tag="700"><subfield code="a">Li, Youbin.</subfield></datafield><datafield ind1="1" ind2=" " tag="700"><subfield code="a">Sa, Rina.</subfield></datafield><datafield ind1="1" ind2=" " tag="700"><subfield code="a">Song, Jia.</subfield></datafield><datafield ind1="1" ind2=" " tag="700"><subfield code="a">Niu, Li.</subfield></datafield><datafield ind1="1" ind2=" " tag="700"><subfield code="a">Ma, Enran.</subfield></datafield><datafield ind1="1" ind2=" " tag="700"><subfield code="a">Wang, Quirong.</subfield></datafield><datafield ind1=" " ind2=" " tag="994"><subfield code="a">C0</subfield><subfield code="b">MRQ</subfield></datafield></record>