
<record><leader>00490ngm a2200169 a 4500</leader><controlfield tag="001">mrq01239723</controlfield><controlfield tag="003">MAnMC</controlfield><controlfield tag="005">20100616133100.0</controlfield><controlfield tag="007">vd  gaizu</controlfield><controlfield tag="008">      s2010                      v eng d</controlfield><datafield ind1=" " ind2=" " tag="020"><subfield code="a">8901452100503</subfield></datafield><datafield ind1="0" ind2="2" tag="028"><subfield code="a">DHIF2338S</subfield></datafield><datafield ind1="0" ind2=" " tag="092"><subfield code="a">NH 6-11-10 mbu (Length of dvd &amp; pub date not listed AM)</subfield></datafield><datafield ind1="0" ind2="0" tag="245"><subfield code="a">Teen Patti</subfield><subfield code="s">WS</subfield><subfield code="h">[videorecording]</subfield></datafield><datafield ind1=" " ind2=" " tag="250"><subfield code="a">WS.</subfield></datafield><datafield ind1=" " ind2=" " tag="260"><subfield code="a">[s.l.], India :</subfield><subfield code="b">Serendipity Fims,</subfield><subfield code="c">c2010?</subfield></datafield><datafield ind1=" " ind2=" " tag="300"><subfield code="a">1 videodisc (? min.) :</subfield><subfield code="b">sd., col. ;</subfield><subfield code="c">4 3/4 in.</subfield></datafield></record>
</collection>